<?xml version="1.0" encoding="UTF-8"?>
<OAI-PMH xmlns="http://www.openarchives.org/OAI/2.0/" xmlns:xsi="http://www.w3.org/2001/XMLSchema-instance" xsi:schemaLocation="http://www.openarchives.org/OAI/2.0/ http://www.openarchives.org/OAI/2.0/OAI-PMH.xsd">
<ListRecords>
<record>
<header status="updated">
<identifier>urm_publish:71290885800002121</identifier>
</header>
<metadata>
<record xmlns="http://www.loc.gov/MARC21/slim" xmlns:xsi="http://www.w3.org/2001/XMLSchema-instance" xsi:schemaLocation="http://www.loc.gov/MARC21/slim http://www.loc.gov/standards/marcxml/schema/MARC21slim.xsd" ><leader>01443cam a2200373 a 4500</leader><controlfield tag="005">20081205103213.0</controlfield><controlfield tag="008">901003s1990    dcu          f00010 eng d</controlfield><controlfield tag="001">999661135502121</controlfield><datafield tag="035" ind1=" " ind2=" "><subfield code="a">(OCoLC)22464846</subfield></datafield><datafield tag="035" ind1=" " ind2=" "><subfield code="9">ANV0829UW</subfield></datafield><datafield tag="035" ind1=" " ind2=" "><subfield code="a">(WU)2148908-uwmadisondb</subfield></datafield><datafield tag="040" ind1=" " ind2=" "><subfield code="a">WU</subfield><subfield code="b">eng</subfield><subfield code="c">WU</subfield><subfield code="d">GPO</subfield><subfield code="d">DLC</subfield><subfield code="d">MGPO-R</subfield></datafield><datafield tag="043" ind1=" " ind2=" "><subfield code="a">n-us---</subfield></datafield><datafield tag="074" ind1=" " ind2=" "><subfield code="a">546-D (MF)</subfield></datafield><datafield tag="086" ind1="0" ind2=" "><subfield code="a">GA 1.13:AFMD-90-66</subfield></datafield><datafield tag="088" ind1=" " ind2=" "><subfield code="a">GAO/AFMD-90-66</subfield></datafield><datafield tag="088" ind1=" " ind2=" "><subfield code="a">B-238532</subfield></datafield><datafield tag="110" ind1="1" ind2=" "><subfield code="a">United States.</subfield><subfield code="b">General Accounting Office.</subfield><subfield code="2">LCNAMES</subfield><subfield code="0">41-LIBRARY_OF_CONGRESS-n  80126064</subfield><subfield code="9">Y</subfield></datafield><datafield tag="245" ind1="1" ind2="0"><subfield code="a">Cash management :</subfield><subfield code="b">Diners Club business travel management program needs improvement : report to the chairman, Subcommittee on Treasury, Postal Service, and General Government, Committee on Appropriations, House of Representatives /</subfield><subfield code="c">United States General Accounting Office.</subfield></datafield><datafield tag="246" ind1="3" ind2="0"><subfield code="a">Diners Club business travel management program needs improvement</subfield></datafield><datafield tag="264" ind1=" " ind2="1"><subfield code="a">Washington, D.C. :</subfield><subfield code="b">The Office,</subfield><subfield code="c">[1990]</subfield></datafield><datafield tag="300" ind1=" " ind2=" "><subfield code="a">46 pages ;</subfield><subfield code="c">28 cm</subfield></datafield><datafield tag="336" ind1=" " ind2=" "><subfield code="a">text</subfield><subfield code="b">txt</subfield><subfield code="2">rdacontent</subfield></datafield><datafield tag="337" ind1=" " ind2=" "><subfield code="a">unmediated</subfield><subfield code="b">n</subfield><subfield code="2">rdamedia</subfield></datafield><datafield tag="338" ind1=" " ind2=" "><subfield code="a">volume</subfield><subfield code="b">nc</subfield><subfield code="2">rdacarrier</subfield></datafield><datafield tag="500" ind1=" " ind2=" "><subfield code="a">Cover title.</subfield></datafield><datafield tag="500" ind1=" " ind2=" "><subfield code="a">Distributed to depository libraries in microfiche.</subfield></datafield><datafield tag="500" ind1=" " ind2=" "><subfield code="a">"April 1990."</subfield></datafield><datafield tag="500" ind1=" " ind2=" "><subfield code="a">"GAO/AFMD-90-66."</subfield></datafield><datafield tag="500" ind1=" " ind2=" "><subfield code="a">"B-238532"--P. [1].</subfield></datafield><datafield tag="650" ind1=" " ind2="0"><subfield code="a">Business travel</subfield><subfield code="z">United States.</subfield><subfield code="2">LCSH</subfield><subfield code="0">41-LIBRARY_OF_CONGRESS-sh 85018327</subfield><subfield code="9">Y</subfield></datafield><datafield tag="650" ind1=" " ind2="0"><subfield code="a">Credit cards</subfield><subfield code="z">United States.</subfield><subfield code="2">LCSH</subfield><subfield code="0">41-LIBRARY_OF_CONGRESS-sh2008100312</subfield><subfield code="9">Y</subfield></datafield><datafield tag="651" ind1=" " ind2="0"><subfield code="a">United States</subfield><subfield code="x">Officials and employees</subfield><subfield code="x">Travel</subfield><subfield code="x">Costs.</subfield><subfield code="2">LCSH</subfield></datafield><datafield tag="997" ind1=" " ind2=" "><subfield code="a">MARCIVE</subfield></datafield><datafield tag="110" ind1="1" ind2=" "><subfield code="a">GAO (General Accounting Office)</subfield><subfield code="2">LCNAMES</subfield><subfield code="0">41-LIBRARY_OF_CONGRESS-n  80126064</subfield><subfield code="9">N</subfield></datafield><datafield tag="110" ind1="1" ind2=" "><subfield code="a">United States.</subfield><subfield code="b">Comptroller General of the United States</subfield><subfield code="2">LCNAMES</subfield><subfield code="0">41-LIBRARY_OF_CONGRESS-n  80126064</subfield><subfield code="9">N</subfield></datafield><datafield tag="110" ind1="1" ind2=" "><subfield code="a">United States.</subfield><subfield code="b">Contraloria General</subfield><subfield code="2">LCNAMES</subfield><subfield code="0">41-LIBRARY_OF_CONGRESS-n  80126064</subfield><subfield code="9">N</subfield></datafield><datafield tag="110" ind1="1" ind2=" "><subfield code="a">United States General Accounting Office</subfield><subfield code="2">LCNAMES</subfield><subfield code="0">41-LIBRARY_OF_CONGRESS-n  80126064</subfield><subfield code="9">N</subfield></datafield><datafield tag="110" ind1="1" ind2=" "><subfield code="w">b</subfield><subfield code="a">United States.</subfield><subfield code="b">Government Accountability Office</subfield><subfield code="2">LCNAMES</subfield><subfield code="0">41-LIBRARY_OF_CONGRESS-n  80126064</subfield><subfield code="9">R</subfield></datafield><datafield tag="110" ind1="1" ind2=" "><subfield code="a">United States.</subfield><subfield code="b">Auditor for Interior Department</subfield><subfield code="2">LCNAMES</subfield><subfield code="0">41-LIBRARY_OF_CONGRESS-n  80126064</subfield><subfield code="9">R</subfield></datafield><datafield tag="110" ind1="1" ind2=" "><subfield code="a">United States.</subfield><subfield code="b">Auditor for Navy Department</subfield><subfield code="2">LCNAMES</subfield><subfield code="0">41-LIBRARY_OF_CONGRESS-n  80126064</subfield><subfield code="9">R</subfield></datafield><datafield tag="110" ind1="1" ind2=" "><subfield code="a">United States.</subfield><subfield code="b">Auditor for Post-Office Department</subfield><subfield code="2">LCNAMES</subfield><subfield code="0">41-LIBRARY_OF_CONGRESS-n  80126064</subfield><subfield code="9">R</subfield></datafield><datafield tag="110" ind1="1" ind2=" "><subfield code="a">United States.</subfield><subfield code="b">Auditor for State and Other Departments</subfield><subfield code="2">LCNAMES</subfield><subfield code="0">41-LIBRARY_OF_CONGRESS-n  80126064</subfield><subfield code="9">R</subfield></datafield><datafield tag="110" ind1="1" ind2=" "><subfield code="a">United States.</subfield><subfield code="b">Auditor for Treasury Department</subfield><subfield code="2">LCNAMES</subfield><subfield code="0">41-LIBRARY_OF_CONGRESS-n  80126064</subfield><subfield code="9">R</subfield></datafield><datafield tag="110" ind1="1" ind2=" "><subfield code="a">United States.</subfield><subfield code="b">Auditor for War Department</subfield><subfield code="2">LCNAMES</subfield><subfield code="0">41-LIBRARY_OF_CONGRESS-n  80126064</subfield><subfield code="9">R</subfield></datafield><datafield tag="110" ind1="1" ind2=" "><subfield code="a">United States.</subfield><subfield code="b">Comptroller of the Treasury</subfield><subfield code="2">LCNAMES</subfield><subfield code="0">41-LIBRARY_OF_CONGRESS-n  80126064</subfield><subfield code="9">R</subfield></datafield><datafield tag="650" ind1=" " ind2="0"><subfield code="a">Business trips</subfield><subfield code="2">LCSH</subfield><subfield code="0">41-LIBRARY_OF_CONGRESS-sh 85018327</subfield><subfield code="9">N</subfield></datafield><datafield tag="650" ind1=" " ind2="0"><subfield code="a">Trips, Business</subfield><subfield code="2">LCSH</subfield><subfield code="0">41-LIBRARY_OF_CONGRESS-sh 85018327</subfield><subfield code="9">N</subfield></datafield><datafield tag="650" ind1=" " ind2="0"><subfield code="w">g</subfield><subfield code="a">Travel</subfield><subfield code="2">LCSH</subfield><subfield code="0">41-LIBRARY_OF_CONGRESS-sh 85018327</subfield><subfield code="9">R</subfield></datafield><datafield tag="INST" ind1=" " ind2=" "><subfield code="a">01UWI_NETWORK</subfield><subfield code="b">P</subfield><subfield code="c">71290885800002121</subfield></datafield><datafield tag="INST" ind1=" " ind2=" "><subfield code="a">01UWI_MAD</subfield><subfield code="b">P</subfield><subfield code="c">21551733250002122</subfield></datafield><datafield tag="INST" ind1=" " ind2=" "><subfield code="a">01UWI_SF</subfield><subfield code="b">P</subfield><subfield code="c">2133780300002130</subfield></datafield><datafield tag="AVA" ind1=" " ind2=" "><subfield code="0">9921489083602122</subfield><subfield code="8">22551733230002122</subfield><subfield code="a">01UWI_MAD</subfield><subfield code="b">LAW</subfield><subfield code="c">Microforms</subfield><subfield code="d">GA 1.13: AFMD-90-66</subfield><subfield code="e">check_holdings</subfield><subfield code="j">mic</subfield><subfield code="k">3</subfield><subfield code="p">1</subfield><subfield code="q">Law Library</subfield></datafield><datafield tag="AVA" ind1=" " ind2=" "><subfield code="0">9921489083602122</subfield><subfield code="8">22551733240002122</subfield><subfield code="a">01UWI_MAD</subfield><subfield code="b">WHSLIBRARY</subfield><subfield code="c">Government Document Microforms</subfield><subfield code="d">GA 1.13: AFMD-90-66</subfield><subfield code="e">check_holdings</subfield><subfield code="j">govmic</subfield><subfield code="k">3</subfield><subfield code="p">2</subfield><subfield code="q">Wisconsin Historical Society Library</subfield></datafield><datafield tag="AVA" ind1=" " ind2=" "><subfield code="0">993493213602130</subfield><subfield code="8">2233780290002130</subfield><subfield code="a">01UWI_SF</subfield><subfield code="b">SP</subfield><subfield code="c">US Government Documents (6th floor)</subfield><subfield code="d">GA 1.13:AFMD-90-66 fiche</subfield><subfield code="e">available</subfield><subfield code="f">1</subfield><subfield code="g">0</subfield><subfield code="j">docus</subfield><subfield code="k">3</subfield><subfield code="p">1</subfield><subfield code="q">UW Stevens Point Library</subfield></datafield><datafield tag="MMS" ind1=" " ind2=" "><subfield code="b">999661135502121</subfield><subfield code="a">01UWI_NETWORK</subfield></datafield><datafield tag="MMS" ind1=" " ind2=" "><subfield code="b">9921489083602122</subfield><subfield code="a">01UWI_MAD</subfield></datafield><datafield tag="MMS" ind1=" " ind2=" "><subfield code="b">993493213602130</subfield><subfield code="a">01UWI_SF</subfield></datafield></record>
</metadata>
</record>
</ListRecords>
</OAI-PMH>